<record><leader>00000cas a22000007a 4500</leader><controlfield tag="001">9849757</controlfield><controlfield tag="008">830826d18581858oruwr ne      0    0eng d</controlfield><controlfield tag="009">3768</controlfield><datafield ind1=" " ind2=" " tag="010"><subfield code="a">sn 83021146 </subfield></datafield><datafield ind1=" " ind2=" " tag="040"><subfield code="a">NPX</subfield><subfield code="b">eng</subfield><subfield code="c">NPX</subfield></datafield><datafield ind1="1" ind2=" " tag="029"><subfield code="a">AU@</subfield><subfield code="b">000025801405</subfield></datafield><datafield ind1=" " ind2=" " tag="042"><subfield code="a">msc</subfield></datafield><datafield ind1=" " ind2=" " tag="043"><subfield code="a">n-us-or</subfield></datafield><datafield ind1="0" ind2=" " tag="130"><subfield code="a">Pacific journal (Eugene, Or.)</subfield></datafield><datafield ind1="0" ind2="4" tag="245"><subfield code="a">The Pacific journal.</subfield></datafield><datafield ind1=" " ind2=" " tag="260"><subfield code="a">Eugene City, Or. :</subfield><subfield code="b">Rogers, Seavey &amp; Wilson,</subfield><subfield code="c">1858-</subfield></datafield><datafield ind1=" " ind2=" " tag="300"><subfield code="a">v. ;</subfield><subfield code="c">56 cm.</subfield></datafield><datafield ind1=" " ind2=" " tag="310"><subfield code="a">Weekly</subfield></datafield><datafield ind1="0" ind2=" " tag="362"><subfield code="a">Vol. 1, no. 1 (June 26, 1858)-</subfield></datafield><datafield ind1="1" ind2=" " tag="362"><subfield code="a">Ceased in 1858.</subfield><subfield code="z">Cf. Ludington, F.B.  Newspapers of Oregon.</subfield></datafield><datafield ind1=" " ind2=" " tag="500"><subfield code="a">Publisher: J.F. Wilson &amp; Co., 1858.</subfield></datafield><datafield ind1=" " ind2=" " tag="500"><subfield code="a">Editor: J.H. Rogers, 1858.</subfield></datafield><datafield ind1="1" ind2=" " tag="700"><subfield code="a">Rogers, J. H.</subfield></datafield><datafield ind1=" " ind2=" " tag="752"><subfield code="a">United States</subfield><subfield code="b">Oregon</subfield><subfield code="c">Lane</subfield><subfield code="d">Eugene.</subfield></datafield></record>